<record><leader>00000cas a22000007a 4500</leader><controlfield tag="001">36924068</controlfield><controlfield tag="008">970517d19261927tnucr ne      0    0eng d</controlfield><datafield ind1=" " ind2=" " tag="010"><subfield code="a">sn 97065073 </subfield></datafield><datafield ind1=" " ind2=" " tag="040"><subfield code="a">TGN</subfield><subfield code="b">eng</subfield><subfield code="c">TGN</subfield><subfield code="d">OCLCQ</subfield><subfield code="d">OCLCF</subfield><subfield code="d">OCLCO</subfield></datafield><datafield ind1="1" ind2=" " tag="029"><subfield code="a">AU@</subfield><subfield code="b">000013251057</subfield></datafield><datafield ind1=" " ind2=" " tag="042"><subfield code="a">msc</subfield></datafield><datafield ind1="0" ind2="4" tag="245"><subfield code="a">The semi-weekly Lawrence democrat-union.</subfield></datafield><datafield ind1="3" ind2=" " tag="246"><subfield code="a">Semiweekly Lawrence democrat-union</subfield></datafield><datafield ind1="3" ind2="0" tag="246"><subfield code="a">Lawrence democrat-union</subfield></datafield><datafield ind1="3" ind2="0" tag="246"><subfield code="a">Democrat-union</subfield></datafield><datafield ind1=" " ind2=" " tag="260"><subfield code="a">Lawrenceburg, Tenn. :</subfield><subfield code="b">The Crawfords,</subfield><subfield code="c">1926-1927.</subfield></datafield><datafield ind1=" " ind2=" " tag="300"><subfield code="a">v.</subfield></datafield><datafield ind1=" " ind2=" " tag="310"><subfield code="a">Semiweekly</subfield></datafield><datafield ind1="0" ind2=" " tag="362"><subfield code="a">Vol. 43, no. 9 (Oct. 22, 1926)-v. 43, no. 40 (Feb. 18, 1927).</subfield></datafield><datafield ind1=" " ind2=" " tag="500"><subfield code="a">Editor: Jas. W. Crawford, 1926-1927.</subfield></datafield><datafield ind1=" " ind2="0" tag="651"><subfield code="a">Lawrenceburg (Tenn.)</subfield><subfield code="v">Newspapers.</subfield></datafield><datafield ind1=" " ind2="0" tag="651"><subfield code="a">Lawrence County (Tenn.)</subfield><subfield code="v">Newspapers.</subfield></datafield><datafield ind1=" " ind2="7" tag="655"><subfield code="a">Newspapers.</subfield><subfield code="2">fast</subfield><subfield code="0">(OCoLC)fst01423814</subfield></datafield><datafield ind1=" " ind2="7" tag="651"><subfield code="a">Tennessee</subfield><subfield code="z">Lawrence County.</subfield><subfield code="2">fast</subfield><subfield code="0">(OCoLC)fst01214509</subfield></datafield><datafield ind1=" " ind2="7" tag="651"><subfield code="a">Tennessee</subfield><subfield code="z">Lawrenceburg.</subfield><subfield code="2">fast</subfield><subfield code="0">(OCoLC)fst01224705</subfield></datafield><datafield ind1=" " ind2=" " tag="752"><subfield code="a">United States</subfield><subfield code="b">Tennessee</subfield><subfield code="c">Lawrence</subfield><subfield code="d">Lawrenceburg.</subfield></datafield><datafield ind1="0" ind2="0" tag="780"><subfield code="t">Lawrence democrat-union (Lawrenceburg, Tenn. : 1926)</subfield><subfield code="w">(DLC)sn 97065074</subfield></datafield><datafield ind1="0" ind2="0" tag="785"><subfield code="t">Lawrence democrat-union semi-weekly</subfield><subfield code="w">(DLC)sn 97065072</subfield></datafield></record>